@article{pelivan,
    author="Ivanka Pelivan and Line Drube and Ekkehard Kührt and Jörn Helbert and Jens Biele and Michael Maibaum and  Barbara Cozzoni and Valentina Lommatsch",
    title="Thermophysical modeling of Didymos' moon for the Asteroid Impact Mission",
    journal="Advances in Space Research",
    year="2017"
}

@article{williams1997,
    author="Darren M. Williams and James F. Kasting",
    title="Habitable Planets with Hight Obliquities",
    journal="Icarus",
    year="1997"
}

@article{marstherm,
    author="Clifford and S. M. and C. J. Bartels",
    year="1986",
    title="The Mars Thermal Model \enquote{Marstherm}, a FORTRAN 77-finite differences program designed for general distribution",
    journal="Lunar Planet. Sci.",
    volume="XVII",
    pages="142-143"
}

@techreport{model,
    key="Didymos reference model",
    title="Asteroid impact mission: Didymos reference model",
    institution="ESA",
    year="2015",
    type="reference document",
    number="v3.1",
}
@article{delbo,
    author="Marco Delbo and Michael Mueller and Joshua P. Emery and Ben Rozitis and Maria Teresa Capria",
    title="Asteroid Thermophysical Modeling",
    journal="arXiv",
    year="2015"
}
@techreport{Juventas,
    author="Hannah Goldberg and Claudiu Prioroc and GMV-RO GNC team",
    title="Juventas Mission Analysis Report (MAR)",
    institution="GomSpace",
    year="2019",
    type="Analysis report",
    number="v1.0",
    note="JUV-GS-MAR-001"
}
@article{Michel2016,
    author="Patrick Michel and A. Cheng and M. Küppers and P. Pravec and J. Blum and M. Delbo and S.F. Green and P. Rosenblatt and K. Tsiganis and J.B. Vincent and J. Biele and V. Ciarletti and A. Hérique and S. Ulamec and I. Carnelli and A. Galvez and L. Benner and S.P. Naidu and O.S. Barnouin and D.C. Richardson and A. Rivkin and P. Scheirich and N. Moskovitz and A. Thirouin and S.R. Schwartz and A. Campo Bagatin and Y. Yu",
    title="Science case for the Asteroid Impact Mission (AIM): A component of the Asteroid Impact \& Deflection Assessment (AIDA) mission",
    journal="Advances in Space Research",
    year="2016"
}
@phdthesis{gloesener,
    author="Elodie Gloesener",
    title="Methane clathrate hydrate stability in the marsian subsurface and outgassing scenarios",
    school="UCLouvin",
    year="2019"
}
